@book{KS,
	author = {Huibert Kwakernaak and Raphael Sivan},
	title = {Linear Optimal Control Systems},
	date = {1972},
	publisher = {Wiley-Interscience},
	isbn = {0471511102},
	edition = {1},
}

@book{RSSP_JIG:Libro,
	author = {Ricardo Salvador {Sánchez Peña} and Juan Ignacio Giribet},
	title = {Fundamentos del Control Lineal Robusto},
	date = {2021},
	publisher = {EUDEBA},
	isbn = {9789502331423},
	url = {https://www.eudeba.com.ar/resultados.aspx?c=fundamentos%20del%20control&amp;por=pal},
	urldate = {2025},
}

@book{strang2006linear,
	address = {Belmont, CA},
	author = {Strang, Gilbert},
	isbn = {978-0030105678},
	publisher = {Thomson, Brooks/Cole},
	title = {Linear Algebra and its Applications},
	url = {http://www.amazon.com/Linear-Algebra-Its-Applications-Edition/dp/0030105676},
	year = 2006
}

@BOOK{chen:linearsystems,
	title = {Linear System Theory and Design},
	publisher = {Oxford University Press},
	year = {1999},
	author = {{Chi-Tsong} Chen},
	edition = {3rd},
	isbn = {0195117778}
}

@BOOK{doy:feed-cont,
	title = {Feedback Control Theory},
	publisher = {Maxwell/Macmillan},
	year = {1992},
	author = {John C. Doyle and B. Francis and A. Tannembaum}
}

@BOOK{paganini:rob-sys,
	title = {A Course in Robust Control Theory},
	publisher = {Springer-Verlag},
	year = {2000},
	author = {Geir E. Dullerud and Fernando Paganini}
}

@BOOK{rssp:rob-sys,
	title = {Robust Systems Theory and Applications},
	publisher = {Wiley},
	year = {1998},
	author = {Ricardo S. {S{\'a}nchez Pe{\~n}a} and Mario Sznaier}
}

@BOOK{zhou:essentials,
	title = {Essentials of Robust Control},
	publisher = {Prentice--Hall},
	year = {1998},
	author = {Kemin Zhou},
	isbn = {0-13-525833-2}
}

@BOOK{zhou:rob-cont,
	title = {Robust and Optimal Control},
	publisher = {Prentice--Hall},
	year = {1996},
	author = {Kemin Zhou},
}

@BOOK{Kailath,
	title = {Linear Systems},
	publisher = {Prentice-Hall},
	year = {1980},
	author = {Thomas Kailath}
}

@Book{RSSP:ITCR,
	author = {Ricardo Salvador {S\'anchez Pe\~na}},
	title = {Introducci\'on a la teor\'ia de control robusto},
	publisher = {AADECA},
	year = {1999},
	annote = {2nda edici\'on}
}
